
    @MISC{skypeprotocol,
      author =       "Salman A. Baset, Henning Schulzrinne",
      title =        "An Analysis of the Skype Peer-to-Peer Internet Telephony Protocol",
      publisher =    "Columbia University",
      year =         "2004",
      howpublished=  "{\tt http://www.cs.columbia.edu/~library/TR-repository/reports/reports-2004/cucs-039-04.pdf}",
    }

    @MISC{sip,
      author =       "J. Rosenberg a kolektiv",
      title =        "SIP: Session Initialization Protocol",
      publisher =    "IETF",
      year =         "2002",
      howpublished=  "{\tt http://www.ietf.org/rfc/rfc3261.txt}",
    }

    @MISC{rtp,
      author =       "H. Schulzrinne, S.Casner a dal¹í",
      title =        "RTP: A Transport Protocol for Real-Time Applications",
      publisher =    "IETF",
      year =         "2003",
      howpublished=  "{\tt http://www.ietf.org/rfc/rfc3550.txt}",
    }

    @MISC{xmppJingle,
      author =       "S. Ludwig, J. Beda, P. Saint-Andre a dal¹í",
      title =        "XEP-0166: Jingle",
      publisher =    "XMPP Foundation",
      year =         "2008",
      howpublished=  "{\tt http://xmpp.org/extensions/xep-0166.html}",
    }

    @MISC{xmppJingleRtp,
      author =       "S. Ludwig, J. Beda, P. Saint-Andre a dal¹í",
      title =        "XEP-0167: Jingle RTP Sessions",
      publisher =    "XMPP Foundation",
      year =         "2008",
      howpublished=  "{\tt http://xmpp.org/extensions/xep-0167.html}",
    }

    @MISC{xmppCapabilities,
      author =       "J. Hildebrand, P. Saint-Andre a dal¹í",
      title =        "XEP-0115: Entity Capabilities",
      publisher =    "XMPP Foundation",
      year =         "2008",
      howpublished=  "{\tt http://xmpp.org/extensions/xep-0115.html}",
    }

    @MISC{gstreamer,
      title =        "Gstreamer 0.10 Core Reference Manual",
      year =         "2008",
      howpublished=  "{\tt http://gstreamer.freedesktop.org/data/doc/gstreamer/head/gstreamer/html/}",
      note =         "(verze 0.10.21.1)",
    }

    @MISC{phonon,
      title =        "Phonon - Multimedia API for KDE",
      year =         "2008",
      howpublished=  "{\tt http://api.kde.org/4.0-api/kdelibs-apidocs/phonon/html/index.html}",
      note =         "(poslední modifikace 17. 3. 2008)",
    }


